@article{siino2025exploring,
  title={Exploring LLMs Applications in Law: A Literature Review on Current Legal NLP Approaches},
  author={Siino, Marco and Falco, Mariana and Croce, Daniele and Rosso, Paolo},
  journal={IEEE Access},
  year={2025},
  publisher={IEEE}
}


@article{ariai2024natural,
  title={Natural Language Processing for the Legal Domain: A Survey of Tasks, Datasets, Models, and Challenges},
  author={Ariai, Farid and Demartini, Gianluca},
  journal={arXiv preprint arXiv:2410.21306},
  year={2024}
}

@book{sartor2022intelligenza,
  title={L'intelligenza artificiale e il diritto},
  author={Sartor, Giovanni and others},
  year={2022},
  publisher={Giappichelli}
}

@inproceedings{ganguly2024legal,
  title={Legal IR and NLP: the History, Challenges, and State-of-the-Art},
  author={Ganguly, Debasis and Conrad, Jack G. and Ghosh, Kripabandhu and Ghosh, Saptarshi and Goyal, Pawan and Bhattacharya, Paheli and Nigam, Shubham Kumar and Paul, Shounak},
  booktitle={Tutorial},
  year={2024},
  note={Tutorial on AI \& Law, Legal Data Analytics, Natural Language Processing, Legal Information Retrieval}
}

@article{hassan2023brief,
  title={Brief History of Natural Language Processor (NLP)},
  author={Hassan, Hammad},
  year={2023},
  month={September},
  institution={COMSATS University Islamabad},
  note={Research publication on the comprehensive history of NLP development}
}